@BOOK{Singh,
  author       = {Amit Singh},
  title        = {Mac OS X Internals: A Systems Approach},
  publisher    = {Addison Wesley Professional},
  address      = {},
  year         = {June 19, 2006 },
  language     = {english},
}

@misc{xnu,
    author    = "Apple",
    title     = "macOS XNU Source Code",
    url       = "https://github.com/apple/darwin-xnu"
}

@misc{kauth,
    author    = "Apple",
    title     = "Technical Note TN2127: Kernel Authorization",
    url       = "https://developer.apple.com/library/archive/technotes/tn2127/_index.html"
}